<record><leader>00000cas a22000007a 4500</leader><controlfield tag="001">20002114</controlfield><controlfield tag="008">890713d18981899pr ir ne      0    0spa d</controlfield><datafield ind1=" " ind2=" " tag="010"><subfield code="a">sn 89078093 </subfield></datafield><datafield ind1=" " ind2=" " tag="040"><subfield code="a">PNN</subfield><subfield code="b">eng</subfield><subfield code="c">PNN</subfield><subfield code="d">OCLCQ</subfield><subfield code="d">DLC</subfield><subfield code="d">OCLCA</subfield><subfield code="d">OCLCF</subfield></datafield><datafield ind1=" " ind2=" " tag="042"><subfield code="a">msc</subfield></datafield><datafield ind1=" " ind2=" " tag="043"><subfield code="a">nwpr---</subfield></datafield><datafield ind1="0" ind2="0" tag="050"><subfield code="a">Newspaper</subfield></datafield><datafield ind1="0" ind2=" " tag="130"><subfield code="a">Tribuna (San Juan, P.R. : 1898)</subfield></datafield><datafield ind1="1" ind2="3" tag="245"><subfield code="a">La tribuna.</subfield></datafield><datafield ind1=" " ind2=" " tag="260"><subfield code="a">San Juan de Puerto Rico :</subfield><subfield code="b">Imp. de "La tribuna"</subfield></datafield><datafield ind1=" " ind2=" " tag="300"><subfield code="a">v.</subfield></datafield><datafield ind1=" " ind2=" " tag="310"><subfield code="a">Triweekly</subfield></datafield><datafield ind1="0" ind2=" " tag="362"><subfield code="a">An&#771;o 1, nu&#769;m. 1 (10 de nov. de 1898)-</subfield></datafield><datafield ind1="1" ind2=" " tag="362"><subfield code="a">Ceased in 1899?</subfield></datafield><datafield ind1=" " ind2=" " tag="588"><subfield code="a">Latest issue consulted: An&#771;o 2, nu&#769;m. 26 (12 de enero de 1899).</subfield></datafield><datafield ind1=" " ind2="0" tag="651"><subfield code="a">San Juan (P.R.)</subfield><subfield code="v">Newspapers.</subfield></datafield><datafield ind1=" " ind2="0" tag="651"><subfield code="a">Puerto Rico</subfield><subfield code="v">Newspapers.</subfield></datafield><datafield ind1=" " ind2="7" tag="655"><subfield code="a">Newspapers.</subfield><subfield code="2">fast</subfield><subfield code="0">(OCoLC)fst01423814</subfield></datafield><datafield ind1=" " ind2="7" tag="651"><subfield code="a">Puerto Rico.</subfield><subfield code="2">fast</subfield><subfield code="0">(OCoLC)fst01205432</subfield></datafield><datafield ind1=" " ind2="7" tag="651"><subfield code="a">Puerto Rico</subfield><subfield code="z">San Juan.</subfield><subfield code="2">fast</subfield><subfield code="0">(OCoLC)fst01214595</subfield></datafield><datafield ind1=" " ind2=" " tag="752"><subfield code="a">United States</subfield><subfield code="b">Puerto Rico</subfield><subfield code="d">San Juan.</subfield></datafield></record>